See biblatex manual 
http://mirror.ctan.org/macros/latex/contrib/biblatex/doc/biblatex.pdf
for detailed descriptions on every possible entry type and field.

Put in the full names. Abbreviations are controlled by the bibstyle.
skipbib option can be used to exclude entry from the bibliography.
Journal titles must be abbreviated manually using shortjournal.

% By simply not giving a shortjournal input, the full journal will be written.
@techreport{TruckProdAus,
    author    = " ",
    title     = "Truck productivity: sources, trends and future prospects, Report 123, Canberra, ACT",
    institution = "Bureau of Infrastructure, Transport and Regional Economics",
    %type     = "", 
    %number   = "",
    %address  = "",
    year      = "2011",
    %month    = "",
    %note     = "01",
}

@techreport{OECDProd,
    author    = " ",
    title     = "OECD Manual: Measuring Productivity; Measurement of Aggregate and Industry-Level Productivity Growth",
    institution = "Organisation for Economic Co-operation and Development (OECD)",
    %type     = "", 
    %number   = "",
    %address  = "",
    year      = "2002",
    %month    = "",
    %note     = "02",
}

@conference{JapSNAOECD,
    author    = "Paul Schreyer",
    title     = "Conference on next steps for the Japanese SNA, Tokyo",
    booktitle = "Measuring Productivity",
    %editor   = "",
    %volume   = "",
    %number   = "",
    %series   = "",
    %pages    = "",
    %address  = "",
    year      = "2005"
}

@online{WikiLabourProd,
  author = {Wikipedia contributors},
  title = {Workforce productivity},
  year = 2014,
  url = {http://en.wikipedia.org/wiki/Workforce_productivity},
  urldate = {2014-08-27}
}

@online{WikiGDP,
  author = {Wikipedia contributors},
  title = {Gross domestic product},
  year = 2014,
  url = {http://en.wikipedia.org/w/index.php?title=Gross_domestic_product&oldid=622604502},
  urldate = {2014-08-27}
}

@misc{EMSleaflet,
    %author    = "",
    title     = "EMS Forum Brochure on European Modular Systems",
    %howpublished = "http://www.modularsystem.eu/download/eea_leaflet.pdf",
    year     = "2013",
    month    = "November",
}